@misc{gunicorn_license,
    author={Chesneau, Benoit and Davis, Paul},
    title={LICENSE},
    year={2009},
    howpublished={\url{https://github.com/benoitc/gunicorn/blob/master/LICENSE}},
    note={Accessed: 2020-11-16}
}

@misc{numpy_license,
    author={NumPy Developers},
    title={LICENSE},
    year={2005},
    howpublished={\url{https://github.com/pandas-dev/pandas/blob/master/LICENSE}},
    note={Accessed: 2020-11-16}
}

@misc{pandas_license,
    author={AQR Capital Management LLC, Lambda Foundry Inc. and PyData Development Team},
    title={LICENSE},
    year={2008},
    howpublished={\url{https://github.com/pandas-dev/pandas/blob/master/LICENSE}},
    note={Accessed: 2020-11-16}
}

@misc{mongoengine_license,
    author={Marr, Harry},
    title={LICENSE},
    year={2009},
    howpublished={\url{https://github.com/MongoEngine/mongoengine/blob/master/LICENSE}},
    note={Accessed: 2020-11-16}
}

@misc{graphene_license,
    author={Graphene Python},
    title={2015},
    year={2010},
    url={https://github.com/graphql-python/graphene/blob/master/LICENSE},
    howpublished={\url{https://github.com/graphql-python/graphene/blob/master/LICENSE}},
    note={Accessed: 2020-11-16}
}

@misc{algolia_license,
    author={Algolia},
    title={Terms of Service},
    year={2018},
    month={April},
    url={https://www.algolia.com/policies/terms/},
    howpublished={\url{https://www.algolia.com/policies/terms/}},
    note={Accessed: 2020-11-16}
}

@misc{aws_license,
    author={Amazon},
    title={Amazon Software License},
    year={2020},
    url={https://aws.amazon.com/asl/},
    howpublished={\url{https://aws.amazon.com/asl/}},
    note={Accessed: 2020-11-16}
}

@misc{musicoomph,
    title={Podcast Statistics (2020)},
    url={https://musicoomph.com/podcast-statistics/},
    journal={Music Oomph},
    publisher={Music Oomph},
    author={Whitner, Gavin},
    year={2020},
    month={Sep},
    howpublished={\url{https://musicoomph.com/podcast-statistics/}},
    note={Accessed: 2020-10-02}
}


@misc{flask_license,
    author={Pallets Projects},
    title={License},
    year={2010},
    url={https://flask.palletsprojects.com/en/rtd/license/},
    howpublished={\url{https://flask.palletsprojects.com/en/rtd/license/}},
    note={Accessed: 2020-11-16}
}

@misc{react_license,
    author={Facebook Inc.},
    title={LICENSE},
    year={2018},
    month={Sep},
    howpublished={\url{https://github.com/facebook/react/blob/master/LICENSE}},
    note={Accessed: 2020-11-16}
}

@misc{spotify,
    howpublished={\url{https://www.spotify.com}},
    note={Accessed: 2020-10-02},
    title={Spotify},
    year={2008},
    month={October}
}
@misc{sticher,
    howpublished={\url{https://www.sticher.com}},
    note={Accessed: 2020-10-02},
    title={Sticher},
    year={2008},
    month={August}
}

@misc{player_fm,
    howpublished={\url{https://www.player.fm}},
    note={Accessed: 2020-10-02},
    title={Player FM},
    year={2011},
    month={November}
}

@misc{flask,
    howpublished={\url{https://flask.palletsprojects.com/en/1.1.x/}},
    note={Accessed: 2020-10-03},
    urldate = {2020-10-03},
    title={Flask: web development, one drop at a time},
}

@misc{react,
    howpublished={\url{https://reactjs.org/}},
    note={Accessed: 2020-10-03},
    urldate = {2020-10-03},
    title={React: A JavaScript library for building user interfaces},
    author={Facebook Inc.}
}
@misc{graphql,
    howpublished={\url{https://graphql.org/}},
    note={Accessed: 2020-10-03},
    urldate = {2020-10-03},
    title={GraphQL},
}
@misc{aws_ec2,
    howpublished={\url{https://aws.amazon.com/ec2/}},
    note={Accessed: 2020-10-03},
    urldate = {2020-10-03},
    title={Amazon EC2: Secure resizable compute capacity to support virtually any workload},
}

@misc{algolia,
    howpublished={\url{https://www.algolia.com/doc/}},
    note={Accessed: 2020-11-14},
    urldate = {2020-11-03},
    title={Algolia},
}

@misc{MongoDB2020,
  author = {MongoDB},
  title = {{The most popular database for modern apps | MongoDB}},
  url = {https://www.mongodb.com/?utm{\_}source=xp{\&}utm{\_}medium=blog{\&}utm{\_}ca  mpaign=refresh},
  urldate = {2020-10-03},
  year = {2020},
  note = {\url{http://mongodb.com},
          Last accessed on 2020-10-03}
  }



